4386 5708
128 2384 131 2389 ·
249 2352 305 2423 ela
332 2367 442 2426 orata.
478 2351 548 2425 Sex
570 2354 733 2431 Tabulae
760 2363 907 2433 noviter
930 2362 1139 2438 consectae:
1176 2360 1364 2432 videlicet:
1397 2359 1596 2450 livoniae,
1636 2359 1847 2452 Hispaniae,
1873 2354 1941 2431 Οὐ·

236 117 310 203 tat
771 100 781 121 “
848 214 856 231 ‚
992 102 1196 199 Romam

248 320 263 363 -·
336 320 396 397 24
424 304 652 393 Ferreolum
678 328 807 389 uruit
832 332 1043 389 ornatam
1067 315 1114 389 de
1136 300 1485 391 Partibus'A'edium
1503 314 1753 395 Dictionarius
1772 320 1970 420 longelc⁶
1999 402 2002 407 ,

159 436 168 461 ·=
239 403 546 607 pidiffimugffit}
560 412 681 590 ωἰὲιῗ
702 410 922 487 fructuosus.
969 409 1157 510 Impreffinn
1183 414 1307 487 Romae
1332 412 1484 488 MDVI.
1534 432 1569 505 4.
1808 502 1831 513 ..

458 509 579 611 ⁸ait.
629 510 732 593 οἱ).
759 520 825 585 139.
973 540 976 545 ·
1875 560 1879 567 -

323 604 397 709 ἦε.
437 616 498 695 Fr.
527 620 705 698 choaur
731 644 784 698 oa
812 646 960 703 nourr
994 644 1133 700 crucrs
1167 626 1299 698 Ordinis
1324 624 1469 698 Praettc.
1504 640 1633 701 contra
1653 618 1793 701 situm
1818 622 1976 700 lllahu⁶

240 712 439 813 medicam,
462 741 539 794 non
560 722 726 817 indignus
750 721 839 797 scitu
863 727 1004 799 libellus
1027 726 1066 817 (a
1084 747 1195 817 graeco
1215 727 1312 796 latine
1329 726 1467 794 redditus
1484 737 1545 814 per
1565 726 1839 799 Bartlrolornaeum
1860 725 1969 799 Pite⁶

242 831 324 886 num
336 816 373 888 dt
386 814 501 890 Monte
515 823 639 917 ardut)
671 821 796 896 Romae
817 830 899 919 typis
915 823 1058 922 Jotnnr't
1070 820 1235 915 Besalem,
1260 820 1395 916 expansas
1410 822 1559 916 Stephani
1577 822 1731 897 Gttilerm
1745 821 1899 913 MDVI.
1920 838 1970 909 4·

411 921 530 1013 ,Qualis
545 923 568 994 l.
588 944 616 989 c.
639 929 666 993 i.
682 943 715 1012 p.
740 943 809 1006 505.
859 926 958 1011 Freyt.
981 927 1071 991 anal.
1088 944 1124 1010 p.
1146 939 1218 1004 778.
1406 978 1409 985 ·
1595 958 1603 971 =

949 1095 954 1105 ·
1024 1074 1170 1137 Movllr.

341 1172 401 1254 26.
428 1176 470 1250 ln
494 1180 548 1248 hoc
571 1193 660 1273 opere
684 1183 758 1269 huet
779 1187 987 1255 comittantur.
1019 1179 1248 1276 Geographia
1276 1177 1344 1251 Cr..
1371 1200 1614 1254 nroaouaar
1640 1183 1841 1275 aplurimis
1867 1182 1968 1256 viris

243 1272 436 1367 uniusque
462 1276 601 1368 linguae
631 1278 770 1352 doctiss.
797 1280 1006 1367 emendata,
1047 1298 1084 1354 et
1113 1300 1196 1351 cum
1227 1279 1427 1372 archetypo
1458 1299 1588 1373 graeco
1625 1281 1669 1352 ab
1699 1281 1779 1374 ipsis
1809 1284 1967 1355 collata.

243 1368 436 1446 Schemata
467 1393 551 1447 cum
582 1376 947 1451 demonstrationibus
976 1378 1043 1450 suis
1070 1391 1233 1450 correcta
1269 1399 1288 1449 a
1315 1377 1445 1449 Marco
1476 1378 1739 1452 Beneventano
1765 1378 1978 1569 Momm

245 1466 486 1562 Coelestino‚
514 1488 551 1544 et
573 1472 715 1566 Joanne
739 1475 851 1549 Cotta
871 1476 1096 1566 Veronensi,
1124 1478 1211 1549 viris
1234 1474 1497 1547 Mathematicis
1522 1473 1793 1651 consultiffis.
1824 1476 1867 1550 Fi

243 1565 291 1659 de
317 1569 545 1659 proiectione
568 1570 733 1662 sphaerae
765 1578 802 1646 in
829 1577 960 1666 plano,
1003 1579 1160 1666 quaein
1192 1573 1677 1667 libroocravodesrderaba
1746 1627 1758 1665 ‚
1804 1575 1847 1647 ab
1876 1572 1965 1666 ipsis

241 1666 412 1739 nondum
433 1666 645 1758 instaurata,
684 1669 742 1743 sed
766 1693 854 1745 uere
877 1674 1094 1761 adinventa3
1124 1674 1202 1745 eius
1225 1674 1319 1743 enim
1347 1670 1493 1764 vestigia
1515 1673 1552 1744 in
1572 1675 1802 1746 nulloetiam
1827 1691 1964 1767 graeco

244 1762 374 1836 codice
390 1767 570 1864 tutabant.
596 1767 754 1843 Maxima
775 1773 951 1862 quantitas
972 1773 1112 1845 dierum
1130 1772 1335 1843 civitatum:
1358 1787 1395 1842 et
1419 1768 1601 1845 distantiae
1618 1772 1786 1844 locorum
1809 1772 1853 1843 ab
1871 1768 1963 1843 Ale-

244 1859 396 1936 xandria
416 1863 578 1957 Aegypti
602 1868 777 1958 cuiusque
795 1871 971 1955 civitatis,
999 1873 1146 1961 quaein
1169 1872 1245 1941 aliis
1267 1867 1453 1940 codicibus
1473 1888 1557 1943 uon·
1572 1887 1684 1944 erant.
1737 1867 1961 1960 Planisphae·

245 1959 343 2047 rium
377 1957 430 2033 Cl.
455 1961 653 2037 Ptolomaei
678 1970 824 2041 noviter
853 1971 1077 2060 recognitum
1101 1983 1138 2041 et
1160 1965 1360 2059 diligentiis.
1386 1966 1611 2040 emendatum
1637 1990 1656 2041 a
1685 1968 1817 2040 Marco
1845 1966 1960 2041 Bete-

244 2071 410 2131 ventano
435 2060 632 2134 Monacho
648 2061 872 2137 Coelestino.
911 2066 1025 2139 Nova
1052 2066 1148 2138 orbis
1178 2063 1368 2155 descriptio
1395 2086 1437 2136 ac
1462 2086 1561 2138 nova
1591 2065 1729 2139 Oceani
1760 2064 1954 2159 navigan'o,

185 2162 189 2169 ’
244 2175 316 2247 qua
330 2155 491 2231 Lisbona
512 2159 555 2230 ad
571 2161 736 2236 indicum
756 2165 973 2255 pervenitur
997 2166 1161 2259 pelagus,
1188 2163 1318 2235 Marco
1335 2161 1596 2236 Beneventano
1618 2165 1810 2237 Monacho
1830 2164 1951 2236 Coele·
1991 2236 1996 2247 ,

246 2250 290 2325 sti
319 2275 343 2326 o
368 2255 475 2331 edita.
513 2255 627 2330 Nova
650 2275 688 2335 et
714 2261 951 2335 universalior
979 2261 1087 2336 Orbis
1112 2262 1246 2356 cogniti
1271 2262 1392 2333 tabula
1418 2260 1549 2353 Joaun.
1581 2260 1743 2354 Ruysch,
1773 2263 1941 2336 Germano
2004 2292 2008 2297 ·

246 2448 338 2538 liae,
370 2449 604 2542 Germaniae,
640 2456 760 2530 ltaliae
784 2458 818 2530 ἀ
840 2457 999 2554 Judaeae
1054 2459 1210 2549 Cautum
1233 2455 1283 2528 est
1311 2456 1431 2529 edicto
1455 2457 1543 2551 Julii
1573 2457 1618 2530 ll.
1650 2459 1757 2533 Pont.
1780 2459 1882 2532 ulan.
1904 2436 1945 2527 nt

248 2550 329 2639 quis
353 2549 554 2641 imprimere
577 2567 639 2626 aut
664 2557 816 2646 imprimi
840 2557 959 2630 facere
980 2557 1107 2631 audeat
1132 2559 1204 2629 hoc
1228 2553 1337 2647 ipsum
1363 2575 1457 2645 opus
1479 2577 1597 2645 poena
1617 2555 1943 2629 excommunicatio·

248 2649 306 2719 nis
332 2648 423 2720 latae
446 2649 640 2722 sententiae
669 2653 722 2723 his
746 2657 807 2744 qui
831 2673 960 2731 contra
987 2658 1194 2729 mandatum
1216 2653 1424 2743 jussumque
1449 2656 1572 2725 conari
1598 2656 1793 2727 audebunt.
1846 2654 1943 2729 nuno

247 2748 402 2838 virginei
428 2762 551 2839 partus
575 2747 761 2827 MDVlll.
787 2753 940 2827 Romae.
977 2751 1151 2844 Praefatur
1169 2750 1220 2824 est
1245 2753 1448 2842 Bibliopola
1469 2749 1698 2843 Evangelista
1713 2744 1943 2825 Tosrnurliri·

247 2845 387 2916 xianus.
438 2847 479 2918 In
496 2844 844 2944 finthIunirphaerii:
868 2851 1026 2943 Explicit
1045 2846 1363 2942 Planissphaerium
1381 2848 1667 2923 Ptlrolemaci-
1692 2849 1817 2921 Romae
1837 2852 1942 2922 nauiter
1982 2858 1986 2863 ’

101 2969 110 2991 ·
248 2938 429 3036 tmprtffirm
453 2959 512 3034 per
536 2944 774 3018 Bernardinum
805 2948 960 3022 Venatum
983 2950 1019 3021 dt
1051 2951 1217 3021 Vitaiibur.
1257 2947 1409 3040 Etptnsts
1429 2947 1637 3040 Enattgalista
1667 2945 1776 3038 Tofino
1803 2950 1943 3021 Brittan
1974 2952 1977 2957 '

250 3039 423 3133 Bibliopola
451 3041 537 3137 (stt)
562 3043 742 3139 imperante
766 3041 937 3145 Jult'ost.
967 3047 1061 3120 Pont.
1084 3049 1182 3120 lisat.
1207 3044 1308 3118 Anno
1331 3045 1397 3117 ΙΙΙ.
1427 3042 1640 3134 Pontificatttt
1659 3044 1738 3140 stri,
1781 3048 1832 3119 die
1858 3036 1946 3116 VssL

253 3138 423 3332 Slmtenrllsr.
450 3140 563 3328 Mss
579 3142 659 3214 VII.
703 3144 852 3239 Sequitur
880 3142 971 3242 Julii
999 3145 1046 3216 ΙΙ.
1075 3146 1117 3218 P.
1142 3144 1367 3235 Priuilegium.
1405 3147 1487 3216 Cttm
1513 3145 1629 3215 talzttr‘s
1659 3163 1764 3236 geogr.
1789 3136 1950 3218 XXXIV.

248 3251 380 3329 eegatlt
402 3261 481 3308 ran-ts.
529 3262 568 3311 ο.
1976 3262 1981 3269 ·

418 3348 537 3415 Raidel.
558 3349 579 3417 l.
597 3372 622 3420 c·
637 3367 671 3498 s.
695 3370 745 3429 50.
790 3351 896 3417 Gutta.
912 3350 1066 3418 Mercirm.
1088 3351 1111 3413 l.
1128 3368 1162 3435 p.
1188 3368 1256 3431 3¹3·
1299 3348 1416 3428 Hirlcb.
1439 3348 1561 3419 Militat.
1579 3350 1608 3414 s.
1624 3365 1659 3432 p.
1674 3365 1704 3430 5,
1747 3348 1866 3417 fabric.
1882 3344 1985 3416 ΒΜ·

498 3450 545 3514 gr.
568 3429 698 3514 Hatefii
725 3428 763 3495 V.
781 3448 815 3516 p.
838 3447 913 3513 275.
955 3427 1038 3497 But.
1064 3428 1361 3513 Monatlcottenb.

350 3586 409 3655 27.
445 3566 595 3641 'saxna
631 3565 873 3642 Cancellariae
904 3565 1150 3661 Apostolicae.
1201 3560 1387 3660 Imprtffirm
1416 3548 1540 3638 Rombe
1572 3566 1658 3661 apud
1682 3563 1897 3641 Mattthimn
1914 3564 1973 3643 Μ

252 3661 396 3741 DVsll.
447 3683 480 3751 4

276 3859 285 3873 .
420 3756 595 3828 Marchand
619 3760 775 3828 Dictionn.
798 3761 842 3827 ss.
860 3775 895 3849 p.
916 3780 986 3840 αἶα.

1049 3914 1168 3979 Mum.

346 4039 408 4109 28.
445 4025 668 4113 Procorrus
692 4043 746 4098 ur
774 3998 903 4098 arato
931 4030 1108 4099 arnardo.
1159 4023 1254 4101 Haec
1272 4024 1309 4093 in
1322 4017 1432 4112 fructa
1457 4017 1518 4113 fol.
1544 4037 1574 4094 1.
1597 4042 1627 4094 a.
1660 4017 1729 4095 Ful.
1757 4020 1868 4095 etat.
1897 4023 1971 4103 Ra.

251 4127 357 4219 phacl
383 4128 646 4200 Volaterranos
675 4125 794 4197 llario
820 4121 936 4195 Fratri
964 4120 1131 4223 Salutem,
1188 4124 1229 4195 sn
1244 4119 1330 4213 fine:
1364 4118 1493 4215 lira'tps.
1518 4119 1635 4237 Julius
1659 4117 1841 4233 llaPont
1866 4123 1973 4236 Max.-

250 4224 383 4301 Edicto
407 4226 538 4299 Vetuit
563 4223 624 4297 Ne
650 4225 743 4322 Quis
764 4221 874 4295 Hunc
899 4219 1050 4294 Librum
1077 4222 1261 4314 imprimat
1281 4218 1392 4294 Neve
1419 4216 1579 4313 Impnmr
1606 4218 1805 4297 Permutat.
1847 4220 1992 4315 Siquis,

1826 4317 1972 4401 Contra
