4386 5708
235 532 310 612 842
968 508 1222 596 vENETllt.
1258 558 1265 601 2

336 716 396 807 38.
431 705 548 807 Quart
582 708 663 783 aloc
679 716 814 787 tanao
840 729 1159 789 conrrnnaarur.
1194 726 1360 809 sannam
1384 706 1598 784 mirabilium
1629 704 1843 783 linianum
1875 704 1949 781 liarl

235 822 390 905 quantor
413 811 571 881 carmine
591 810 756 885 heroico.
795 809 963 887 Eiusdem
990 812 1134 907 Elegia,
1158 812 1197 885 in
1221 830 1292 902 qua
1314 807 1397 885 finis
1417 809 1633 902 pentametri
1650 804 1703 879 est
1717 805 1843 881 iimilis
1862 808 1951 899 prin

236 910 334 1003 cipio
359 908 569 981 hexametri.
619 904 784 983 Eiusdem
806 908 965 1003 hymnus
987 908 1199 984 delchrlsto
1224 911 1268 983 ab
1288 909 1557 994 incarnatione,
1581 904 1759 1000 usquead
1782 901 1952 980 aseenllo·

236 1028 333 1083 nem.
369 1005 547 1100 Juuruct
573 1004 618 1079 de
643 1005 859 1102 Euangeliou
883 1007 1031 1084 historia
1056 1010 1137 1082 libri
1158 1024 1328 1100 quatuor.
1378 1005 1599 1081 Anarortrs
1624 1002 1828 1078 Cardinalis
1846 1000 1951 1079 histo·

236 1109 312 1181 riae
332 1101 570 1197 Apostolicae
589 1105 672 1181 libri
689 1104 775 1180 duo.
823 1107 990 1183 Paeana
1013 1126 1251 1181 ratconraa
1270 1118 1382 1179 cento
1398 1126 1445 1179 ex
1466 1103 1632 1199 Vergilio
1652 1101 1701 1175 de
1714 1122 1826 1177 nouo
1840 1118 1953 1177 etue·

239 1205 307 1279 teri
330 1200 555 1277 testamento.
604 1202 916 1298 Homerocentra‚
947 1206 1023 1279 hoc
1047 1202 1099 1279 est
1125 1221 1303 1281 centones
1329 1224 1375 1277 ex
1394 1202 1559 1277 Homero
1587 1218 1715 1295 graece
1734 1220 1823 1273 cum
1847 1200 1952 1275 inoet·

239 1302 445 1396 pretatione
459 1302 578 1375 latina.
606 1292 830 1394 Opusculum
846 1305 890 1377 ad
906 1304 1237 1380 Annuntiationem
1252 1300 1388 1377 beatiff.
1414 1300 1573 1396 Virginis
1588 1317 1716 1393 graece
1730 1318 1822 1371 cum
1841 1298 1950 1375 lama

240 1402 282 1475 in
301 1398 423 1473 medio
448 1401 730 1493 quaternionum
756 1405 931 1477 omnium.
978 1402 1225 1477 Lacaenam
1252 1419 1452 1475 rramtaut
1482 1400 1529 1473 de
1557 1396 1853 1477 Resurrectione.
1874 1396 1949 1473 Ele·

241 1500 308 1595 gia
331 1494 499 1572 Eiusdem
518 1502 564 1571 de
581 1492 739 1589 paffione
752 1498 905 1576 Domini
926 1503 1084 1577 carmine
1104 1501 1269 1575 heroico.
1286 1497 1523 1573 Creatanus
1547 1496 1593 1569 de
1608 1497 1708 1589 ligno
1723 1492 1861 1569 Crucis
1880 1516 1952 1569 vet·

243 1594 286 1669 su
305 1594 482 1671 Heroico.
513 1594 727 1669 Triuiam
752 1597 1000 1693 deprecatoria
1025 1598 1068 1673 ad
1089 1598 1277 1693 Virginem
1297 1596 1428 1691 Elegia
1454 1596 1585 1671 Oratio
1608 1595 1653 1668 ad
1670 1594 1829 1668 eandem
1853 1588 1950 1689 uerit

245 1692 412 1767 heroico.
445 1693 567 1767 Sancti
591 1693 759 1768 Damnst
785 1698 831 1771 de
857 1697 1023 1773 laudibus
1046 1696 1147 1771 Pauli
1175 1692 1345 1789 Apostoli
1369 1691 1493 1769 uersus
1516 1692 1726 1769 hexametri.
1770 1690 1903 1789 Elegia
1914 1691 1950 1767 ia

245 1790 479 1866 Hierusalem.
521 1791 604 1867 Ode
623 1795 663 1866 in
687 1795 795 1869 natali
819 1795 879 1870 die
902 1794 1112 1873 saluatoris.
1152 1792 1197 1869 In
1218 1793 1277 1869 die
1297 1793 1505 1887 palmarum.
1536 1792 1597 1867 De
1618 1786 1780 1885 paffione
1803 1790 1948 1867 Domin‘

245 1888 311 1965 Ad
325 1886 506 1967 Christum
528 1904 571 1964 ut
588 1890 715 1983 perdat
735 1890 892 1969 Turcas.
916 1892 1181 1989 Epigrammata
1196 1891 1240 1966 ad
1260 1886 1415 1965 beatiss.
1428 1886 1755 1983 Virginemfvita.
1775 1884 1813 1961 8.
1834 1888 1947 1965 Marti
1975 1842 1983 2043 1

244 1988 285 2063 ni
307 1990 464 2083 episcopi
485 2008 506 2061 a
525 1986 665 2065 Seuero
685 1988 839 2082 Sulpitio
858 1990 962 2084 prola
981 1994 1157 2066 oratione.
1207 1992 1268 2065 De
1289 1990 1470 2063 miraculis
1482 1988 1515 2062 8.
1532 1986 1681 2061 Martini
1694 1972 1892 2080 Dialogus,
1913 1984 1942 2059 ai
1980 2054 1983 2077 ,

245 2087 389 2163 eodem.
420 2088 480 2161 De
502 2088 704 2165 tralatione.
730 2086 765 2160 8.
786 2090 937 2163 Martini
960 2089 1167 2164 abeodem.
1202 2088 1300 2163 Vita.
1325 2086 1362 2163 8.
1384 2086 1530 2162 Nicolai
1553 2102 1721 2179 egraeco
1742 2082 1784 2157 in
1806 2084 1944 2161 latinum
1980 2114 1983 2127 ·

244 2184 487 2260 aLeonardo
510 2184 712 2279 Juliiniano
737 2189 884 2278 patritio
910 2186 1073 2263 Veneto.
1105 2178 1201 2260 Haec
1223 2192 1261 2259 in
1273 2182 1383 2279 fronte
1397 2182 1460 2276 fai.
1478 2204 1508 2255 r.
1533 2205 1565 2257 a
1591 2180 1660 2253 hiri.
1686 2178 1752 2253 eod.
1770 2180 1803 2253 i.
1838 2180 1941 2257 Aldus
1980 2252 1983 2306 Ι

245 2278 435 2357 Manutius
461 2282 533 2357 Ro.
559 2283 703 2360 Danieli
722 2286 834 2360 clario
853 2284 1030 2359 Parmenh
1055 2286 1094 2359 in
1112 2283 1203 2358 urbe
1220 2279 1386 2357 Rhacusa
1403 2284 1524 2357 literas
1548 2279 1694 2373 publice
1717 2274 1937 2372 profitendi.

248 2374 289 2451 P·
315 2382 364 2457 D.
388 2380 485 2455 Data
507 2383 641 2478 esibatt
662 2390 897 2480 nuncupatoria
926 2382 1006 2457 th.
1033 2381 1140 2477 Mensa
1165 2378 1285 2481 Junia.
1310 2384 1361 2451 M.
1369 2380 1418 2453 D.
1427 2378 1476 2452 ΙΙ.
1497 2377 1549 2453 Al
1565 2377 1636 2483 post
1663 2376 1698 2447 E
1721 2382 1729 2397 '
1767 2398 1874 2451 mam
1889 2370 1984 2529 AE‘l

247 2476 449 2576 itatiffimam
469 2484 640 2573 virginera.
666 2482 711 2554 R.
733 2478 773 2557 Ζ.
797 2484 933 2573 iegitur:
974 2480 1113 2553 illinitis
1141 2480 1228 2573 aprtd
1248 2476 1384 2551 AEdunr.
1408 2476 1528 2549 MDI.
1553 2472 1656 2587 manse
1678 2394 1857 2587 fugituris.
1872 2468 1928 2563 Aa

247 2584 322 2647 taen
346 2580 513 2651 claudunt.-
539 2577 831 2653 Homerocentra
854 2598 906 2673 gr.
921 2578 956 2652 δι
973 2580 1099 2665 latine;
1128 2576 1254 2650 Seuer.
1281 2575 1424 2668 Sulpitii
1443 2574 1532 2648 Vita
1546 2572 1706 2647 Marum.
1731 2568 1923 2647 truitae
1981 2632 1984 2637 .

247 2673 354 2773 lngus
376 2675 422 2750 de
451 2675 640 2750 Miraculis
665 2676 699 2751 8.
718 2676 882 2763 Martini.
906 2678 996 2752 Vita
1015 2676 1052 2750 S.
1077 2675 1235 2749 Nicolai.
1286 2673 1328 2746 la
1342 2669 1432 2765 fine:
1456 2670 1585 2745 literas.
1634 2684 1669 2756 4

422 2770 566 2836 Velamen
587 2768 752 2855 strandum
780 2774 965 2838 &lectionis
993 2775 1150 2836 Petierunt
1176 2766 1362 2857 christiam.
1389 2766 1568 2851 κήρυκα.
1616 2766 1737 2831 Matri.
1755 2762 1802 2834 lt.
1825 2764 1923 2849 pilei·

505 2852 811 3017 εὲκῶακὶψειρ·
830 2874 898 2937 ¹51·
939 2856 1022 2919 Seria
1039 2868 1073 2939 p.
1099 2854 1148 2916 re.
1176 2848 1226 2915 abi
1251 2848 1395 2914 Voluntas
1418 2845 1472 2912 iac
1495 2845 1536 2911 ad
1559 2864 1670 2911 aare·
1698 2862 1791 2925 ¹50²·
1817 2834 1926 2927 refota

267 3150 277 3168 .
336 3068 408 3165 39.
445 3051 559 3169 Anna
579 3074 769 3170 unaurra
795 3070 961 3170 nonant
985 3051 1168 3131 Rudimen
1231 3043 1666 3158 Grammaticeslatinae
1689 3042 1860 3159 Linguae
1888 3034 1928 3111 ΙΙΙ

251 3144 1931 3358 liiii.tintiii'titil‘inhfitliilimtl‚¹¹tssbztliabii‘b‘ii

201 3452 207 3459 .
254 3366 339 3422 nem
366 3348 558 3442 gloriosiss.
595 3350 811 3443 Symbolum
836 3346 1112 3444 Apostolorum.
1144 3346 1235 3419 Divl
1262 3342 1415 3439 Joannrs
1438 3338 1688 3433 Euangelrstae
1709 3282 1953 3451 Euangelon·

253 3446 381 3520 natea
401 3445 568 3522 Carmina
589 3448 887 3523 Prrnsooaat.
920 3446 1176 3523 Praocrarnts
1202 3442 1336 3516 Poema
1356 3440 1401 3514 ad
1415 3440 1530 3531 bene,
1555 3440 1734 3531 beateque
1751 3430 1934 3509 vivendum

101 3596 105 3601 -
255 3542 389 3617 Omnia
412 3544 502 3621 haec
531 3566 616 3621 cum
646 3542 948 3641 interpretatione
978 3548 1099 3622 latina.
1132 3540 1364 3629 Introductio
1385 3539 1574 3634 perbrevis
1604 3536 1648 3609 ad
1669 3534 1870 3607 hebraicam
1887 3530 1934 3603 lit

255 3656 374 3735 guam
422 3642 517 3716 Haec
540 3650 576 3717 in
590 3642 701 3736 fronte
714 3642 775 3737 fai
805 3664 835 3726 t.
858 3645 1041 3733 albiam
1064 3642 1243 3717 immediate
1262 3642 1391 3733 incipit:
1421 3638 1561 3713 Annus
1584 3641 1803 3707 uenustus
1829 3642 1935 3707 aaut·

167 3766 172 3773 ·
256 3734 592 3816 tius-trratann
626 3764 726 3818 tunt
752 3744 987 3819 naorsrnt's.
1020 3743 1057 3818 8.
1085 3740 1124 3816 Ρ.
1152 3740 1203 3817 Ι).
1241 3737 1335 3810 Data
1360 3734 1404 3828 est
1428 3738 1503 3808 baec
1533 3736 1787 3827 nuncupatoria.-
1815 3726 1937 3803 Vacuit

256 3836 367 3931 Mense
383 3834 499 3931 Jitnia.
524 3846 572 3911 Μ.
583 3841 639 3917 CI.
666 3842 751 3937 (fit,
766 3858 829 3939 pro
854 3840 966 3939 Dl.)·
987 3840 1030 3915 In
1044 3836 1114 3935 fine
1140 3836 1378 3909 Grammaticus
1393 3836 1531 3907 latinae:
1555 3831 1662 3906 Vtut.
1688 3848 1825 3905 uertat
1849 3838 1939 3903 tall·

257 3932 326 4009 Dl.
368 3936 550 4033 &munna
573 3952 734 4033 caetera,
769 3943 921 4033 quaein
944 3942 1053 4041 titulo
1075 3934 1238 4032 promifit
1262 3933 1393 4008 Aldus.
1424 3932 1467 4004 In
1481 3928 1552 4027 fine
1573 3932 1663 4005 aa&
1674 3924 1877 4027 subscriptio·
1914 3912 1942 4009 Ι·

423 4030 510 4094 Srrie
528 4030 552 4098 i.
571 4051 651 4122 esp.
677 4054 723 4117 ¹5·
769 4034 847 4103 uiti.
870 4034 963 4103 Stin.
984 4042 1046 4129 iae.
1093 4030 1230 4097 Calcaria
1247 4026 1357 4115 andra.

356 4164 416 4235 4ο.
449 4150 735 4251 Pntt'os‘rnarr
757 4156 803 4230 de
823 4159 901 4232 uita
921 4142 1115 4255 Apollonii
1137 4150 1284 4255 Tyanei
1306 4148 1387 4223 libri
1409 4160 1510 4222 otto.
1545 4142 1660 4221 Iidem
1682 4143 1766 4219 labri
1785 4142 1888 4221 latini
1906 4136 1948 4249 ia·

257 4250 417 4341 telp'ret'e
438 4238 878 4331 Alemanno'Rinucci'no
900 4244 1119 4331 florentino.
1160 4250 1354 4325 Eustntus
1381 4264 1509 4321 contra
1537 4244 1770 4337 Hieroclem,
1802 4262 1839 4339 q.
1863 4238 1953 4337 Tyl'·

259 4366 369 4421 neum
403 4347 745 4455 cbristoponferre
772 4370 926 4431 conatus
957 4357 1078 4432 luerit
1114 4351 1215 4428 Idem
1237 4349 1371 4425 latinus
1391 4347 1588 4449 interprete
1611 4342 1783 4419 Zenobio
1807 4336 1957 4419 Ateiolb

261 4430 460 4553 florentino
480 4446 618 4543 ordinis
639 4454 939 4548 praedicatorum.
965 4456 1036 4535 :ln
1057 4448 1123 4543 fine
1148 4450 1262 4525 Partis
1305 4452 1427 4533 ritune»
1464 4468 1545 4543 W
1568 4448 1703 4519 ‘milit‘
1725 4454 1849 4515 imvm
1874 4458 1960 4535 ἕω·

260 4565 353 4619 orni:
383 4530 521 4623 Veneriis
539 4543 625 4647 ap'u'd
647 4550 769 4629 Aliana
799 4552 907 4656 Menfi
933 4552 1061 4629 Martia
1087 4548 1219 4633 Μεβῖ.
1267 4462 1404 4641 ἰιῇηι
1422 4544 1537 4620 Partis
1547 4542 1714 4641 serame
1728 4562 1810 4659 qaae
1833 4544 1964 4615 aoniae

263 4640 442 4751 Viifliuml
458 4652 626 4751 ,larinates
667 4655 806 4733 Veneriis
828 4660 866 4731 in
890 4656 1020 4743 aedibus
1045 4649 1127 4737 Aidi
1150 4648 1253 4749 mensa
1287 4644 1461 4723 Februario
1488 4636 1657 4720 anull.
1688 4634 1790 4714 Parti
1808 4634 1965 4833 satagite

349 4754 417 4817 ·.··
450 4784 468 4805 υ
1003 4754 1022 4793 ι·
1047 4742 1063 4769 ··
1087 4736 1112 4771 “’
1842 4768 1849 4777 ·
1916 4754 1966 4811 ee·
