4440 5708
953 90 1270 217 venetus„
1855 90 1930 217 ade
2058 198 2061 205 ,

321 310 548 414 tor‘Qu'lr
574 332 654 389 noc
675 332 720 391 nc
738 314 961 403 vocamus
982 312 1290 403 descrantur:
1307 304 1927 411 ursataroirs,carttnua·mce2e,

218 424 252 485 et
279 408 490 489 Patriarclce
515 410 848 507 constantinopolitani
865 414 906 486 in
923 414 1229 499 'calumniatorem
1249 412 1407 489 Platonis
1430 414 1510 488 libri
1536 428 1707 511 quatuor:
1746 434 1842 509 opus
1866 436 1930 489 va·

219 512 340 601 rium,
374 531 416 585 ae
438 509 587 585 doctiss.
614 510 652 582 in
673 528 748 601 quo
767 507 1035 605 praeclariffima
1067 532 1250 603 quaeque,
1282 512 1317 585 dt
1347 511 1450 605 digna
1472 512 1589 587 lectu:
1622 530 1713 605 quae
1738 509 1929 587 aPlatone

215 602 351 700 scripta
372 606 524 681 suntad
545 606 711 680 homines
732 623 803 681 tam
825 609 1010 697 moribus,
1042 630 1151 701 quam
1173 606 1363 703 disciplinis
1389 606 1630 684 instituendos
1649 608 1828 683 breviter:
1861 614 1931 683 cla·

217 724 357 796 reque,
383 703 582 796 &placido
607 700 689 776 stilo
711 720 914 787 narrantur.
945 703 1110 779 Eiusdem
1132 707 1314 779 correctio
1339 706 1514 780 librorum
1540 706 1698 781 Platonis
1722 705 1767 778 de
1792 707 1930 801 legibus

219 799 386 896 Georgio
402 802 656 894 Trapezuntio
680 802 897 894 interprete:
922 802 989 895 ubi¹
1005 801 1123 897 paffim
1143 802 1256 876 verba
1275 822 1402 898 graeca
1425 803 1530 893 iplius
1552 803 1711 878 Platonis
1732 806 1930 879 recitantur

221 898 258 974 dt
286 901 493 988 emendata,
529 899 564 971 dt
585 892 668 970 c‘um
689 896 758 970 suis
777 901 1005 989 accentibus:
1040 908 1122 975 nam
1145 902 1183 974 in
1205 894 1304 974 libris
1325 900 1464 975 Romae
1489 903 1577 989 oljm
1600 898 1766 994 ‘mpressis
1790 899 1932 978 desunt.

218 986 368 1071 Deinde
384 1020 408 1071 a
430 996 634 1070 Beliarione
661 994 763 1088 saepe
790 1012 1000 1090 argumento
1026 994 1214 1091 praemilio
1243 1003 1281 1073 in
1317 1000 1467 1072 larinum
1496 926 1701 1189 vcmdintur.
1741 997 1929 1075 Postremo

218 1094 462 1187 Trapezuntii
492 1096 636 1184 tralatio
666 1090 909 1187 subiungitur:
949 1098 1047 1188 quod
1068 1092 1123 1169 est
1144 1114 1319 1188 perquam
1342 1097 1432 1170 utile
1462 1097 1520 1170 iis:
1580 1100 1617 1170 ui
1640 1099 1775 1190 graccis
1801 1098 1930 1172 litteris
2115 1142 2119 1151 ·

220 1189 437 1267 istituuntur
460 1190 564 1286 (ωε
602 1206 709 1281 atque
730 1213 776 1263 ex
794 1197 932 1286 graecis
953 1196 1081 1280 bonis,
1120 1194 1215 1266 bona
1241 1194 1351 1268 latina
1374 1191 1493 1268 facete
1516 1199 1662 1268 uolunt.
1695 1190 1860 1269 Eiusdem
1882 1195 1929 1267 de
2068 1242 2071 1249 -

217 1302 350 1364 natura
368 1289 405 1364 dt
428 1306 505 1363 arte
525 1287 694 1362 aduersus
711 1291 872 1364 'eundem
889 1290 1190 1383 Trapezuntium·
1207 1304 1378 1365 tractatus
1409 1291 1674 1384 admodumque
1695 1305 1844 1383 acutus,
1886 1313 1929 1366 ac
1972 1346 2010 1365 .·

219 1386 366 1461 doctus.
399 1388 513 1460 index
535 1406 662 1461 eorum
686 1391 870 1478 omnium,
910 1409 1002 1480 quae
1033 1390 1174 1495 singulis
1200 1390 1299 1463 libris
1330 1404 1603 1481 pertractantur.
1639 1386 1775 1480 langue
1806 1404 1929 1485 typogr.

222 1483 316 1558 Hace
334 1491 368 1557 ln
380 1482 491 1574 fronte
508 1481 568 1576 fol.
597 1502 625 1567 t.
650 1507 679 1555 a.
704 1484 770 1575 Pol
796 1487 860 1560 eod.
882 1486 910 1555 d.
947 1490 1082 1560 Atuus
1112 1508 1177 1563 no.
1204 1489 1380 1561 Accurfio
1402 1487 1570 1560 Mainero
1593 1487 1929 1581 AvenionenlrJu·

189 1580 429 1656 'reconsuite
453 1602 505 1654 ae
527 1580 568 1654 L.
590 1578 865 1654 Christianiffimi
889 1582 1077 1657 Gallorum
1100 1584 1209 1678 Regis
1234 1584 1330 1676 apud
1354 1584 1519 1658 Venetos
1544 1585 1691 1658 Oratori
1715 1581 1930 1661 Prudentiss'.

216 1677 259 1784 ,3,
278 1680 319 1757 Ρ.
340 1680 389 1756 D.
439 1678 482 1751 ln
497 1675 746 1771 fiscamnus
767 1684 804 1752 in
823 1678 924 1752 aedil.
948 1681 1214 1770 Atttultomaat,
1240 1680 1335 1779 Julio
1358 1680 1459 1777 maresc
1481 1680 1668 1758 modu.
1708 1676 1771 1773 soh
1812 1734 1822 1747 .

390 1787 475 1850 Scrle
496 1795 553 1865 etc.
571 1803 605 1873 p.
628 1783 677 1865 η’.
719 1786 856 1849 collectio
875 1783 987 1866 nostre
1703 1790 1706 1795 ·

325 1898 405 1997 ι’98.
438 1904 948 1980 Utamnrconmentariolt
973 1907 1009 1978 in
1033 1903 1294 2017 Olynthiacas,
1321 1904 1604 2017 Philippicasque
1620 1849 1926 2015 ‘Demosthenis
1986 1948 1991 1954 -
2069 1908 2073 1915 '

222 2000 430 2084 Orationes.
460 2003 715 2106 Enarratlones
731 1998 813 2074 sane
827 2022 933 2091 quam
952 2002 1165 2077 neceliariae
1186 2005 1223 2075 in
1249 2003 1422 2076 tredecim
1449 2002 1641 2075 Orationes
1662 2001 1930 2076 Demosthenis.
2000 2030 2003 2049 ·

223 2099 1136 2294 {pificeffitufnhnieitffiecnocertffitllt‘fficosstdeoem
1162 2100 1386 2230 Rhletorum)
1429 2098 1570 2176 Graece·
1611 2102 1652 2174 ln
1666 2097 1755 2193 rinc:
1794 2103 1929 2173 Venetis

393 2313 502 2407 Maitt.
522 2312 564 2380 ll.
581 2327 614 2396 p.
636 2314 701 2389 ¹⁶2·
743 2306 1225 2394 Goeca.Merctm.11.p.255.
1267 2306 1352 2370 Serie
1373 2318 1429 2372 etc·
1445 2324 1478 2394 p.
1500 2318 1548 2374 aa.
1628 2308 1631 2313 ’
1703 2294 1708 2303 ’

225 2452 231 2459 “
329 2450 410 2524 199·
452 2442 752 2513 ΞΕΝΟΦΩΝΤΟΣ
776 2445 1033 2530 flagellantum
1062 2418 1151 2526 accep·
1171 2459 1226 2503 m
1257 2448 1404 2513 ελληνικα
1436 2448 1578 2503 suanm.
1625 2426 1928 2501 Xtuoettouuts

224 2526 333 2630 Quae
355 2527 462 2624 super
482 2528 583 2614 sunt,
609 2543 646 2600 et
665 2544 791 2619 graeca
811 2524 907 2620 gesta
932 2525 1167 2618 appellantur.
1200 2524 1379 2597 Geonorr
1403 2526 1597 2615 oem1s'r1,
1623 2526 1685 2616 qui
1705 2541 1742 2598 et
1759 2523 1928 2598 Peenno

226 2628 381 2718 dicitur,
420 2649 466 2701 ex
485 2624 640 2700 Diodori
661 2643 699 2698 et
728 2622 908 2697 Plutarchi
933 2623 1085 2697 historiis
1109 2623 1155 2695 de
1179 2625 1223 2695 iis
1249 2643 1341 2713 quae
1361 2625 1440 2719 post
1461 2642 1614 2717 pugnam
1637 2621 1683 2696 ad
1705 2623 1931 2697 Mantineam

211 2723 434 2821 ,gesta'iunt
464 2745 528 2821 per
557 2728 672 2816 capita
701 2723 880 2796 tractatio.
919 2721 1162 2795 Heroumnr
1192 2720 1349 2793 aMarci
1372 2716 1574 2814 prineiptt't'r
1600 2717 1825 2793 historiarum
1848 2720 1931 2790 libri

227 2840 339 2913 octo,
364 2843 457 2914 quos
476 2824 638 2914 Angelus
655 2818 851 2897 Politiauus
871 2818 1120 2914 elegantillime
1142 2820 1273 2893 latinos
1299 2818 1396 2894 fecit.
1423 2818 1678 2892 Enarrationes
1701 2820 1870 2908 antiquae
1891 2833 1929 2890 et

224 2922 424 3013 perbreves
447 2922 484 2995 in
504 2935 621 2996 totum
645 2914 950 3004 Tnucrnrhen,
977 2916 1051 2991 stne
1072 2919 1200 3010 quibus
1223 2918 1367 2991 Auctor
1390 2916 1578 2991 intellectu
1599 2914 1651 2988 est
1670 2936 1777 3007 quam
1794 2913 1931 2990 difficil-

223 3018 347 3095 limus.
386 3022 506 3092 Omnia
520 3038 640 3111 graece.
694 3014 832 3088 Vercellis
855 3021 890 3089 in
912 3014 991 3089 Aldi
1012 3015 1230 3088 Naacademia
1255 3016 1356 3111 mense
1386 3014 1514 3089 Octobri
1530 3012 1685 3089 MDIII.
1724 3010 1785 3104 fol

395 3128 505 3195 Matre.
523 3131 566 3190 ll.
585 3143 617 3211 p.
641 3130 708 3191 ¹62.
756 3122 844 3189 tlon
870 3126 943 3190 Vll.
966 3144 1001 3212 p.
1029 3140 1098 3204 109.
1141 3126 1222 3187 Serie
1244 3137 1301 3187 etc.
1322 3142 1355 3206 p.
1376 3146 1424 3189 ae.

325 3268 412 3328 200.
449 3247 630 3320 Gronau
656 3262 851 3334 sauram,
875 3244 935 3336 qui
959 3260 997 3316 et
1019 3241 1189 3316 Peenno
1218 3242 1349 3317 dicitur
1373 3264 1418 3317 ex
1438 3242 1595 3318 Diodori
1618 3240 1653 3333 qr
1675 3238 1855 3316 Plutarchi
1876 3240 1928 3313 hi·

193 3354 345 3435 ,storiis
365 3350 411 3423 de
433 3348 496 3436 iis,
532 3362 625 3435 quae
647 3341 727 3434 post
750 3360 903 3435 pugnam
924 3341 976 3419 ,ad
1003 3342 1226 3416 Mantineam
1253 3340 1348 3436 gesta
1378 3339 1479 3432 sunt,
1513 3362 1578 3435 per
1607 3342 1721 3433 capita
1747 3341 1930 3412 tractatio.

207 3454 468 3535 licaoniam
494 3464 513 3517 a
535 3442 651 3514 Marci
677 3442 880 3533 principatu
908 3437 1132 3513 historiarum
1155 3440 1234 3513 libri
1256 3456 1354 3514 octo.
1390 3438 1647 3514 Enarrationes
1673 3440 1860 3529 antiquae,
1894 3435 1930 3507 dc

208 3537 422 3655 perbreues
445 3545 482 3615 in
504 3559 623 3616 totum
642 3538 953 3629 Taucromen,
985 3536 1059 3610 sane
1080 3541 1210 3630 quibus
1232 3556 1338 3613 autor
1359 3536 1549 3612 intellectu
1570 3536 1622 3610 est
1643 3556 1750 3629 quam
1771 3530 1934 3608 difficilli-

210 3672 319 3735 mus.
345 3639 530 3720 Praecedit
548 3637 725 3712 Praefatio
750 3634 926 3709 Francisci
946 3631 1116 3727 elsatam,
1143 3656 1236 3728 quae
1256 3638 1329 3711 fine
1351 3636 1464 3709 dubio
1487 3640 1529 3708 ad
1551 3656 1683 3709 annum
1710 3646 1809 3718 1525.
1838 3628 1931 3702 refe·

210 3750 340 3833 tenda
362 3740 424 3815 est„
463 3739 548 3813 Hoc
566 3740 662 3809 enim
680 3755 776 3808 anno
800 3735 1016 3825 prodierunt
1039 3756 1084 3808 ex
1101 3734 1263 3808 eiusdem
1285 3732 1440 3809 Officina
1458 3732 1712 3828 Xenophontis
1729 3748 1841 3820 opera
1855 3747 1933 3799 om·

209 3853 288 3931 „ia
307 3850 456 3943 graece,
494 3836 624 3928 quibus
652 3832 742 3905 haec
764 3835 830 3905 tria
855 3832 1046 3923 opuscula,
1079 3832 1123 3905 ab
1154 3833 1255 3907 Aldu
1277 3837 1345 3907 iam
1364 3835 1477 3907 Anno
1506 3845 1610 3927 1503.
1636 3832 1733 3923 typis
1755 3824 1931 3917 exprelia,

205 3934 331 4031 bovo
355 3930 557 4034 praepone
581 3932 710 4018 titulo,
741 3927 835 4019 quast
868 3930 932 4003 suo
957 3931 1102 4022 corpori
1135 3930 1389 4031 coniungenda
1409 3932 1566 4025 putavit.
1615 3929 1656 4002 In
1671 3924 1762 4020 fine.-
1796 3923 1936 3998 Vmctiis

204 4055 262 4124 i„
285 4040 367 4123 Aldi
390 4034 608 4110 Neosodcmia
629 4028 744 4126 mense.
766 4029 893 4125 Qctobri
920 4027 1071 4101 motu.
1111 4026 1176 4120 foi.
1400 4024 1407 4037 ‘

392 4152 473 4219 secte
493 4158 549 4218 etc.
568 4162 680 4235 1022.
726 4141 993 4212 declamaretur.
1016 4145 1041 4212 t.
1064 4159 1099 4230 p.
1118 4164 1192 4225 477.

1068 4280 1134 4369 Zd
1155 4309 1182 4372 2
1847 4304 1933 4364 201.
